%% This BibTeX bibliography file was created using BibDesk.
%% http://bibdesk.sourceforge.net/


%% Created for Jaspreet Kaur at 201-05-22 20:15:57 -0700

%% Saved with string encoding Unicode (UTF-8)


%comment{{ Your use of the JSTOR archive indicates your acceptance of JSTOR's Terms and Conditions of Use https://www.jstor.org/page/info/about/policies/terms.jsp. If you have questions or need assistance using JSTOR, please contact JSTOR Support ($acsServer/action/showContactSupportForm) and let us know how we can help you. }}

@article{Bubble,
author = {Robert A. Jarrow, Younes Kchia, Philip Protter}, 
title = {How to Detect an Asset Bubble}, 
year = {2011}, 
journal = {Journal of Computing} 
}
